<?xml version="1.0" encoding="UTF-8"?>
<collection xmlns:xsi="http://www.w3.org/2001/XMLSchema-instance" xsi:schemaLocation="http://www.loc.gov/MARC21/slim http://www.loc.gov/standards/marcxml/schema/MARC21slim.xsd" xmlns="http://www.loc.gov/MARC21/slim">
<record>
  <leader>00818cam a22002051  4500</leader>
  <controlfield tag="001">3062700</controlfield>
  <controlfield tag="003">NNC</controlfield>
  <controlfield tag="005">20130426014859.0</controlfield>
  <controlfield tag="008">010808s1910    ua            000 0 ara d</controlfield>
  <datafield tag="035" ind1=" " ind2=" ">
    <subfield code="a">(OCoLC)ocm47735526</subfield>
  </datafield>
  <datafield tag="035" ind1=" " ind2=" ">
    <subfield code="9">ATN4406CU</subfield>
  </datafield>
  <datafield tag="035" ind1=" " ind2=" ">
    <subfield code="a">(NNC)3062700</subfield>
  </datafield>
  <datafield tag="040" ind1=" " ind2=" ">
    <subfield code="a">ZCU</subfield>
    <subfield code="c">ZCU</subfield>
  </datafield>
  <datafield tag="099" ind1=" " ind2=" ">
    <subfield code="a">893.799</subfield>
    <subfield code="a">K15</subfield>
  </datafield>
  <datafield tag="100" ind1="1" ind2=" ">
    <subfield code="a">Kāsānī, Abū Bakr ibn Masʻūd,</subfield>
    <subfield code="d">-1191.</subfield>
  </datafield>
  <datafield tag="245" ind1="1" ind2="0">
    <subfield code="a">Kitāb Badʾ̄iʻ al-ṣanāʾiʻ fī tartīb al-sharāʾiʻ,</subfield>
    <subfield code="c">taʾlīf ʻAlāʾ-al-Dīn Abī Bakr ibn Masʻūd al-Kāsānī al-Ḥanafī al-mulaqqab bi Malik-al-ʻUlamāʾ.</subfield>
  </datafield>
  <datafield tag="260" ind1=" " ind2=" ">
    <subfield code="a">Miṣr,</subfield>
    <subfield code="b">Maṭb. al-Jamālīyah 1328 h., 1910 m.</subfield>
  </datafield>
  <datafield tag="300" ind1=" " ind2=" ">
    <subfield code="a">7 v.</subfield>
  </datafield>
  <datafield tag="500" ind1=" " ind2=" ">
    <subfield code="a">Commentary on Tuḥfat al-fuqahāʾ, by ʻAlāʾ al-Dīn al-Manṣūr Muḥammad ibn Aḥmad al-Samarqandī, d. 1145 (ca.)</subfield>
  </datafield>
  <datafield tag="955" ind1=" " ind2=" ">
    <subfield code="b">0026816091</subfield>
    <subfield code="d">glx</subfield>
    <subfield code="e">893.799 K15</subfield>
    <subfield code="v">v.3</subfield>
  </datafield>
</record>
</collection>